@inproceedings{mcdonelloptimising,
	author = {McDonell, Trevor L and Chakravarty, Manuel MT and Keller, Gabriele and Lippmeier, Ben},
	booktitle = {{Proceedings of the The 18th ACM SIGPLAN International Conference on Functional Programming}},
	localfile = {/home/tvh/git/accelerate-seminar/git@github.com:tvh/accelerate-seminar.git},
	title = {{Optimising Purely Functional GPU Programs}},
	url = {http://cs3141.web.cse.unsw.edu.au/~chak/papers/acc-optim.pdf},
	year = {2013}
}

@inproceedings{chakravarty2011accelerating,
	author = {Chakravarty, Manuel MT and Keller, Gabriele and Lee, Sean and McDonell, Trevor L and Grover, Vinod},
	booktitle = {{Proceedings of the sixth workshop on Declarative aspects of multicore programming}},
	organization = {ACM},
	pages = {3--14},
	title = {{Accelerating Haskell array codes with multicore GPUs}},
	url = {http://morri.web.cse.unsw.edu.au/~chak/papers/acc-cuda.pdf},
	year = {2011}
}

@techreport{collins2013nova,
	author = {Collins, Alexander and Grewe, Dominik and Grover, Vinod and Lee, Sean and Susnea, Adriana},
	institution = {Tech. rep., NVIDIA},
	title = {{Nova: A functional language for data parallelism}},
	url = {https://research.nvidia.com/sites/default/files/publications/nvr-2013-002_0.pdf},
	year = {2013}
}

@article{hudak1994haskell,
	author = {Hudak, Paul and Jones, Mark P},
	journal = {Contract},
	number = {92-C},
	pages = {0153},
	title = {{Haskell vs. Ada vs. C++ vs. awk vs.... an experiment in software prototyping productivity}},
	volume = {14},
	year = {1994}
}

@inproceedings{lee2009gpu,
	author = {Lee, Sean and Chakravarty, Manuel MT and Grover, Vinod and Keller, Gabriele},
	booktitle = {{Workshop on Exploiting Parallelism using GPUs and other Hardware-Assisted Methods}},
	title = {{GPU kernels as data-parallel array computations in Haskell}},
	url = {http://gernot.web.cse.unsw.edu.au/~keller/Papers/gpugen.pdf},
	year = {2009}
}

@inproceedings{chatterjee1990scan,
	author = {Chatterjee, Siddhartha and Blelloch, Guy E and Zagha, Marco},
	booktitle = {{Proceedings of the 1990 ACM/IEEE conference on Supercomputing}},
	organization = {IEEE Computer Society Press},
	pages = {666--675},
	title = {{Scan primitives for vector computers}},
	url = {http://repository.cmu.edu/cgi/viewcontent.cgi?article=1120&context=compsci},
	year = {1990}
}

@book{Marlow2013,
	author = {Marlow, Simon},
	chapter = {GPU Programming with Accelerate},
	edition = {1. Aufl.},
	isbn = {978-1-449-33594-6},
	publisher = {O'Reilly Media},
	title = {{Parallel and Concurrent Programming in Haskell: Techniques for Multicore and Multithreaded Programming}},
	url = {http://chimera.labs.oreilly.com/books/1230000000929/ch06.html},
	year = {2013}
}

@inproceedings{elliott2004programming,
	author = {Elliott, Conal},
	booktitle = {{Proceedings of the 2004 ACM SIGPLAN workshop on Haskell}},
	organization = {ACM},
	pages = {45--56},
	title = {{Programming graphics processors functionally}},
	url = {http://citeseerx.ist.psu.edu/viewdoc/download?doi=10.1.1.169.5989&rep=rep1&type=pdf},
	url2 = {http://www.stephendiehl.com/llvm/},
	year = {2004}
}

@inproceedings{claessen2009obsidian,
	author = {Claessen, Koen and Sheeran, Mary and Svensson, Joel},
	booktitle = {{Proceedings of Desingning Correct Circuits 2008}},
	pages = {101--116},
	title = {{Obsidian: GPU programming in Haskell}},
	url = {http://www.cse.chalmers.se/~joels/writing/dccpaper_obsidian.pdf},
	year = {2009}
}

@inproceedings{mainland2010nikola,
	author = {Mainland, Geoffrey and Morrisett, Greg},
	booktitle = {{ACM Sigplan Notices}},
	number = {11},
	organization = {ACM},
	pages = {67--78},
	title = {{Nikola: embedding compiled GPU functions in Haskell}},
	url = {http://dl.acm.org/citation.cfm?id=1863533},
	volume = {45},
	year = {2010}
}

@online{gadt,
	title = {{GADTs as GHC language feature}},
	url = {http://www.haskell.org/ghc/docs/latest/html/users_guide/data-type-extensions.html#gadt}
}

@incollection{clifton2014embedding,
	author = {Clifton-Everest, Robert and McDonell, Trevor L and Chakravarty, Manuel MT and Keller, Gabriele},
	booktitle = {{Practical Aspects of Declarative Languages}},
	pages = {136--151},
	publisher = {Springer},
	title = {{Embedding Foreign Code}},
	url = {http://gernot-heiser.org/~chak/papers/acc-ffi.pdf},
	year = {2014}
}

@mastersthesis{lattner2002llvm,
	author = {Lattner, Chris Arthur},
	school = {University of Illinois},
	title = {{LLVM: An infrastructure for multi-stage optimization}},
	url = {https://llvm.org/svn/llvm-project/www-pubs/trunk/2002-12-LattnerMSThesis-book.pdf},
	year = {2002}
}

@article{newtonconverting,
	author = {Newton, Ryan R and Holk, Eric and McDonell, Trevor L},
	title = {{Converting Data to Task-Parallelism by Rewrites}}
}

@inproceedings{lattner2004llvm,
	author = {Lattner, Chris and Adve, Vikram},
	booktitle = {{Code Generation and Optimization, 2004. CGO 2004. International Symposium on}},
	organization = {IEEE},
	pages = {75--86},
	title = {{LLVM: A compilation framework for lifelong program analysis \& transformation}},
	year = {2004}
}

@inproceedings{kameyama2014combinators,
	author = {Kameyama, Yukiyoshi and Kiselyov, Oleg and Shan, Chung-chieh},
	booktitle = {{Proceedings of the ACM SIGPLAN 2014 workshop on Partial evaluation and program manipulation}},
	organization = {ACM},
	pages = {3--14},
	title = {{Combinators for impure yet hygienic code generation}},
	year = {2014}
}

@online{diehl2014jit,
	author = {Diehl, Stephen},
	month = jan,
	title = {{Implementing a JIT Compiled Language with Haskell and LLVM}},
	url = {http://www.stephendiehl.com/llvm/},
	year = 2014
}

@online{scarlet2013llvm,
	author = {Scarlet, Benjamin},
	title = {{llvm-general}},
	url = {http://hackage.haskell.org/package/llvm-general},
	year = 2013
}

@inproceedings{mainland2007quote,
	author = {Mainland, Geoffrey},
	booktitle = {{Proceedings of the ACM SIGPLAN workshop on Haskell workshop}},
	organization = {ACM},
	pages = {73--82},
	title = {{Why it's nice to be quoted: quasiquoting for haskell}},
	year = {2007}
}

@online{mainland2007c,
	author = {Mainland, Geoffrey and Chakravarty, Manuel MT},
	title = {{language-c-quote}},
	url = {http://hackage.haskell.org/package/language-c-quote}
}

@article{gill1995happy,
	author = {Gill, Andy and Marlow, Simon},
	journal = {University of Glasgow},
	shorttitle = {Happy},
	title = {{Happy: the parser generator for Haskell}},
	year = {1995}
}

@online{alex,
	author = {Dornan, Chris and Marlow, Simon},
	shorttitle = {Alex},
	title = {{Alex: A lexical analyser generator for Haskell}},
	url = {http://www.haskell.org/alex/}
}

@online{holtz2014quote,
	author = {von Holtz, Timo},
	title = {{language-llvm-quote}},
	url = {https://github.com/tvh/language-llvm-quote}
}

